
    <marc:record>
        <marc:leader>     nmm a22     3i 4500</marc:leader>
        <marc:controlfield tag="006">m     o  u        </marc:controlfield>
        <marc:controlfield tag="007">cu ||||||u||||</marc:controlfield>
        <marc:controlfield tag="008">      s2018    pau        u        sem d</marc:controlfield>
        <marc:datafield tag="020" ind1=" " ind2=" ">
            <marc:subfield code="a">1585638528</marc:subfield>
        </marc:datafield>
        <marc:datafield tag="024" ind1="8" ind2=" ">
            <marc:subfield code="a">LDC2018S10</marc:subfield>
        </marc:datafield>
        <marc:datafield tag="024" ind1="8" ind2=" ">
            <marc:subfield code="a">ISLRN: 190-505-311-077-0</marc:subfield>
        </marc:datafield>
        <marc:datafield tag="041" ind1="0" ind2=" ">
            <marc:subfield code="a">sem</marc:subfield>
            <marc:subfield code="a">ara</marc:subfield>
            <marc:subfield code="a">per</marc:subfield>
            <marc:subfield code="a">pus</marc:subfield>
            <marc:subfield code="a">urd</marc:subfield>
            <marc:subfield code="b">eng</marc:subfield>
        </marc:datafield>
        <marc:datafield tag="041" ind1="0" ind2="7">
            <marc:subfield code="a">ajp</marc:subfield>
            <marc:subfield code="a">apc</marc:subfield>
            <marc:subfield code="a">fas</marc:subfield>
            <marc:subfield code="a">prs</marc:subfield>
            <marc:subfield code="a">pus</marc:subfield>
            <marc:subfield code="a">urd</marc:subfield>
            <marc:subfield code="b">eng</marc:subfield>
            <marc:subfield code="2">iso639-3</marc:subfield>
        </marc:datafield>
        <marc:datafield tag="042" ind1=" " ind2=" ">
            <marc:subfield code="a">dc</marc:subfield>
        </marc:datafield>
        <marc:datafield tag="245" ind1="0" ind2="0">
            <marc:subfield code="a">RATS Language Identification</marc:subfield>
        </marc:datafield>
        <marc:datafield tag="264" ind1=" " ind2=" ">
            <marc:subfield code="a">[Philadelphia, Pennsylvania]: </marc:subfield>
            <marc:subfield code="b">Linguistic Data Consortium, </marc:subfield>
            <marc:subfield code="c">[2018]</marc:subfield>
        </marc:datafield>
        <marc:datafield tag="336" ind1=" " ind2=" ">
            <marc:subfield code="a">computer dataset</marc:subfield>
            <marc:subfield code="b">cod</marc:subfield>
            <marc:subfield code="2">rdacontent</marc:subfield>
        </marc:datafield>
        <marc:datafield tag="336" ind1=" " ind2=" ">
            <marc:subfield code="a">spoken word</marc:subfield>
            <marc:subfield code="b">spw</marc:subfield>
            <marc:subfield code="2">rdacontent</marc:subfield>
        </marc:datafield>
        <marc:datafield tag="337" ind1=" " ind2=" ">
            <marc:subfield code="a">computer</marc:subfield>
            <marc:subfield code="b">c</marc:subfield>
            <marc:subfield code="2">rdamedia</marc:subfield>
        </marc:datafield>
        <marc:datafield tag="338" ind1=" " ind2=" ">
            <marc:subfield code="a">unspecified</marc:subfield>
            <marc:subfield code="b">zu</marc:subfield>
            <marc:subfield code="2">rdacarrier</marc:subfield>
        </marc:datafield>
        <marc:datafield tag="500" ind1=" " ind2=" ">
            <marc:subfield code="a">LDC2018S10</marc:subfield>
        </marc:datafield>
        <marc:datafield tag="500" ind1=" " ind2=" ">
            <marc:subfield code="a">https://catalog.ldc.upenn.edu/LDC2018S10</marc:subfield>
        </marc:datafield>
        <marc:datafield tag="506" ind1="1" ind2=" ">
            <marc:subfield code="a">Available to University of Alberta users only.</marc:subfield>
        </marc:datafield>
        <marc:datafield tag="520" ind1=" " ind2=" ">
            <marc:subfield code="a">RATS Language Identification was developed by the Linguistic Data Consortium (LDC) and is comprised of approximately 5,400 hours of Levantine Arabic, Farsi, Dari, Pashto and Urdu conversational telephone speech with annotation of speech segments. The corpus was created to provide training, development and initial test sets for the Language Identification (LID) task in the DARPA RATS (Robust Automatic Transcription of Speech) program. The goal of the RATS program was to develop human language technology systems capable of performing speech detection, language identification, speaker identification and keyword spotting on the severely degraded audio signals that are typical of various radio communication channels, especially those employing various types of handheld portable transceiver systems. To support that goal, LDC assembled a system for the transmission, reception and digital capture of audio data that allowed a single source audio signal to be distributed and recorded over eight distinct transceiver configurations simultaneously. Those configurations included three frequencies -- high, very high and ultra high -- variously combined with amplitude modulation, frequency hopping spread spectrum, narrow-band frequency modulation, single-side-band or wide-band frequency modulation. Annotations on the clear source audio signal, e.g., time boundaries for the duration of speech activity, were projected onto the corresponding eight channels recorded from the radio receivers. *Data* The source audio consists of conversational telephone speech recordings from: (1) conversational telephone speech (CTS) recordings, taken either from previous LDC CTS corpora, or from CTS data collected specifically for the RATS program from Levantine Arabic, Pashto, Urdu, Farsi and Dari native speakers; and (2) portions of VOA broadcast news recordings, taken from data used in the 2009 NIST Language Recognition Evaluation. The 2009 LRE Test Set is available from LDC as LDC2014S06. CTS recordings were audited by annotators who listened to short segments and determined whether the audio was in the target language. Annotations on the audio files include start time, end time, speech activity detection (SAD) label, SAD provenance, language ID and LID provenance. All audio files are presented as single-channel, 16-bit PCM, 16000 samples per second; lossless FLAC compression is used on all files; when uncompressed, the files have typical "MS-WAV" (RIFF) file headers. The data is divided for use as training, initial development set, and initial evaluation set.</marc:subfield>
        </marc:datafield>
        <marc:datafield tag="520" ind1=" " ind2=" ">
            <marc:subfield code="a">Data samples are available on the LDC website.</marc:subfield>
        </marc:datafield>
        <marc:datafield tag="546" ind1=" " ind2=" ">
            <marc:subfield code="a">Content in South Levantine Arabic, North Levantine Arabic, Persian, Dari, Pushto, and Urdu. Documentation in English.</marc:subfield>
        </marc:datafield>
        <marc:datafield tag="650" ind1=" " ind2="0">
            <marc:subfield code="a">South Arabic language</marc:subfield>
            <marc:subfield code="x">Data processing</marc:subfield>
            <marc:subfield code="v">Databases.</marc:subfield>
        </marc:datafield>
        <marc:datafield tag="650" ind1=" " ind2="0">
            <marc:subfield code="a">South Arabic language</marc:subfield>
            <marc:subfield code="x">Spoken South Arabic</marc:subfield>
            <marc:subfield code="x">Data processing</marc:subfield>
            <marc:subfield code="v">Databases.</marc:subfield>
        </marc:datafield>
        <marc:datafield tag="650" ind1=" " ind2="0">
            <marc:subfield code="a">Arabic language</marc:subfield>
            <marc:subfield code="x">Data processing</marc:subfield>
            <marc:subfield code="v">Databases.</marc:subfield>
        </marc:datafield>
        <marc:datafield tag="650" ind1=" " ind2="0">
            <marc:subfield code="a">Arabic language</marc:subfield>
            <marc:subfield code="x">Spoken Arabic</marc:subfield>
            <marc:subfield code="x">Data processing</marc:subfield>
            <marc:subfield code="v">Databases.</marc:subfield>
        </marc:datafield>
        <marc:datafield tag="650" ind1=" " ind2="0">
            <marc:subfield code="a">Persian language</marc:subfield>
            <marc:subfield code="x">Data processing</marc:subfield>
            <marc:subfield code="v">Databases.</marc:subfield>
        </marc:datafield>
        <marc:datafield tag="650" ind1=" " ind2="0">
            <marc:subfield code="a">Persian language</marc:subfield>
            <marc:subfield code="x">Spoken Persian</marc:subfield>
            <marc:subfield code="x">Data processing</marc:subfield>
            <marc:subfield code="v">Databases.</marc:subfield>
        </marc:datafield>
        <marc:datafield tag="650" ind1=" " ind2="0">
            <marc:subfield code="a">Dari language</marc:subfield>
            <marc:subfield code="x">Data processing</marc:subfield>
            <marc:subfield code="v">Databases.</marc:subfield>
        </marc:datafield>
        <marc:datafield tag="650" ind1=" " ind2="0">
            <marc:subfield code="a">Dari language</marc:subfield>
            <marc:subfield code="x">Spoken Dari</marc:subfield>
            <marc:subfield code="x">Data processing</marc:subfield>
            <marc:subfield code="v">Databases.</marc:subfield>
        </marc:datafield>
        <marc:datafield tag="650" ind1=" " ind2="0">
            <marc:subfield code="a">Pushto language</marc:subfield>
            <marc:subfield code="x">Data processing</marc:subfield>
            <marc:subfield code="v">Databases.</marc:subfield>
        </marc:datafield>
        <marc:datafield tag="650" ind1=" " ind2="0">
            <marc:subfield code="a">Pushto language</marc:subfield>
            <marc:subfield code="x">Spoken Pushto</marc:subfield>
            <marc:subfield code="x">Data processing</marc:subfield>
            <marc:subfield code="v">Databases.</marc:subfield>
        </marc:datafield>
        <marc:datafield tag="650" ind1=" " ind2="0">
            <marc:subfield code="a">Urdu language</marc:subfield>
            <marc:subfield code="x">Data processing</marc:subfield>
            <marc:subfield code="v">Databases.</marc:subfield>
        </marc:datafield>
        <marc:datafield tag="650" ind1=" " ind2="0">
            <marc:subfield code="a">Urdu language</marc:subfield>
            <marc:subfield code="x">Spoken Urdu</marc:subfield>
            <marc:subfield code="x">Data processing</marc:subfield>
            <marc:subfield code="v">Databases.</marc:subfield>
        </marc:datafield>
        <marc:datafield tag="655" ind1="7" ind2=" ">
            <marc:subfield code="a">Sound recordings</marc:subfield>
            <marc:subfield code="2">lcgft</marc:subfield>
        </marc:datafield>
        <marc:datafield tag="700" ind1="1" ind2="0">
            <marc:subfield code="a">Graff, David</marc:subfield>
        </marc:datafield>
        <marc:datafield tag="700" ind1="1" ind2="0">
            <marc:subfield code="a">Ma, Xiaoyi</marc:subfield>
        </marc:datafield>
        <marc:datafield tag="700" ind1="1" ind2="0">
            <marc:subfield code="a">Strassel, Stephanie</marc:subfield>
        </marc:datafield>
        <marc:datafield tag="700" ind1="1" ind2="0">
            <marc:subfield code="a">Walker, Kevin</marc:subfield>
        </marc:datafield>
        <marc:datafield tag="700" ind1="1" ind2="0">
            <marc:subfield code="a">Jones, Karen</marc:subfield>
        </marc:datafield>
        <marc:datafield tag="856" ind1="4" ind2="0">
            <marc:subfield code="3">University of Alberta Access (Request Form)</marc:subfield>
            <marc:subfield code="u">https://docs.google.com/forms/d/e/1FAIpQLSd4VsEYOWoubQww-01W7IV2qDaAr4ctBJUhrJvfyN0GwoMuFQ/viewform</marc:subfield>
        </marc:datafield>
        <marc:datafield tag="856" ind1="4" ind2="2">
            <marc:subfield code="3">Dataset documentation</marc:subfield>
            <marc:subfield code="u">https://catalog.ldc.upenn.edu/LDC2018S10</marc:subfield>
        </marc:datafield>
    </marc:record>