
    <marc:record>
        <marc:leader>     nmm a22     3i 4500</marc:leader>
        <marc:controlfield tag="006">m     o  u        </marc:controlfield>
        <marc:controlfield tag="007">cu ||||||u||||</marc:controlfield>
        <marc:controlfield tag="008">      s2018    pau        u        som d</marc:controlfield>
        <marc:datafield tag="020" ind1=" " ind2=" ">
            <marc:subfield code="a">1585638382</marc:subfield>
        </marc:datafield>
        <marc:datafield tag="024" ind1="8" ind2=" ">
            <marc:subfield code="a">LDC2018T11</marc:subfield>
        </marc:datafield>
        <marc:datafield tag="024" ind1="8" ind2=" ">
            <marc:subfield code="a">ISLRN: 358-095-625-105-7</marc:subfield>
        </marc:datafield>
        <marc:datafield tag="041" ind1="0" ind2=" ">
            <marc:subfield code="a">som</marc:subfield>
            <marc:subfield code="a">eng</marc:subfield>
            <marc:subfield code="b">eng</marc:subfield>
        </marc:datafield>
        <marc:datafield tag="041" ind1="0" ind2="7">
            <marc:subfield code="a">som</marc:subfield>
            <marc:subfield code="a">eng</marc:subfield>
            <marc:subfield code="b">eng</marc:subfield>
            <marc:subfield code="2">iso639-3</marc:subfield>
        </marc:datafield>
        <marc:datafield tag="042" ind1=" " ind2=" ">
            <marc:subfield code="a">dc</marc:subfield>
        </marc:datafield>
        <marc:datafield tag="245" ind1="0" ind2="0">
            <marc:subfield code="a">LORELEI Somali Representative Language Pack - Monolingual and Parallel Text</marc:subfield>
        </marc:datafield>
        <marc:datafield tag="264" ind1=" " ind2=" ">
            <marc:subfield code="a">[Philadelphia, Pennsylvania]: </marc:subfield>
            <marc:subfield code="b">Linguistic Data Consortium, </marc:subfield>
            <marc:subfield code="c">[2018]</marc:subfield>
        </marc:datafield>
        <marc:datafield tag="336" ind1=" " ind2=" ">
            <marc:subfield code="a">computer dataset</marc:subfield>
            <marc:subfield code="b">cod</marc:subfield>
            <marc:subfield code="2">rdacontent</marc:subfield>
        </marc:datafield>
        <marc:datafield tag="336" ind1=" " ind2=" ">
            <marc:subfield code="a">text</marc:subfield>
            <marc:subfield code="b">txt</marc:subfield>
            <marc:subfield code="2">rdacontent</marc:subfield>
        </marc:datafield>
        <marc:datafield tag="336" ind1=" " ind2=" ">
            <marc:subfield code="a">computer program</marc:subfield>
            <marc:subfield code="b">cop</marc:subfield>
            <marc:subfield code="2">rdacontent</marc:subfield>
        </marc:datafield>
        <marc:datafield tag="337" ind1=" " ind2=" ">
            <marc:subfield code="a">computer</marc:subfield>
            <marc:subfield code="b">c</marc:subfield>
            <marc:subfield code="2">rdamedia</marc:subfield>
        </marc:datafield>
        <marc:datafield tag="338" ind1=" " ind2=" ">
            <marc:subfield code="a">unspecified</marc:subfield>
            <marc:subfield code="b">zu</marc:subfield>
            <marc:subfield code="2">rdacarrier</marc:subfield>
        </marc:datafield>
        <marc:datafield tag="500" ind1=" " ind2=" ">
            <marc:subfield code="a">LDC2018T11</marc:subfield>
        </marc:datafield>
        <marc:datafield tag="500" ind1=" " ind2=" ">
            <marc:subfield code="a">https://catalog.ldc.upenn.edu/LDC2018T11</marc:subfield>
        </marc:datafield>
        <marc:datafield tag="506" ind1="1" ind2=" ">
            <marc:subfield code="a">Available to University of Alberta users only.</marc:subfield>
        </marc:datafield>
        <marc:datafield tag="520" ind1=" " ind2=" ">
            <marc:subfield code="a">LORELEI Somali Representative Language Pack - Monolingual and Parallel Text was developed by the Linguistic Data Consortium (LDC) and is comprised of approximately 13 million words of monolingual Somali text, approximately 800,000 of which are translated into English. Another 100,000 words are also translated from English into Somali. The LORELEI (Low Resource Languages for Emergent Incidents) Program is concerned with building Human Language Technology for low resource languages in the context of emergent situations like natural disasters or disease outbreaks. Linguistic resources for LORELEI include Representative Language Packs and Incident Language Packs for over two dozen low resource languages, comprising data, annotations, basic natural language processing tools, lexicons and grammatical resources. Representative languages are selected to provide broad typological coverage, while incident languages are selected to evaluate system performance on a language whose identity is disclosed at the start of the evaluation. *Data* Data was collected in the following genres: discussion forums, news, reference, social network and weblog. Both monolingual text collection and parallel text creation involved a combination of manual and automatic methods, which are detailed in the included documentation. All harvested content was initially converted from its original HTML form into a relatively uniform XML format. XML data is presented in two formats: a "homogenized" XML format that preserves the minimum set of tags needed to represent the structure of the relevant text as seen by the human web-page reader and a fully segmented and tokenized version of the text. All text data is encoded as UTF-8. Also included in this release are two tools: one to recreate original source data from the processed XML material and the other to condition text data users download from Twitter. *Acknowledgement* This material is based upon work supported by the Defense Advanced Research Projects Agency (DARPA) under Contract No. HR0011-15-C-0123. Any opinions, findings and conclusions or recommendations expressed in this material are those of the author(s) and do not necessarily reflect the views of DARPA.</marc:subfield>
        </marc:datafield>
        <marc:datafield tag="520" ind1=" " ind2=" ">
            <marc:subfield code="a">Data samples are available on the LDC website.</marc:subfield>
        </marc:datafield>
        <marc:datafield tag="546" ind1=" " ind2=" ">
            <marc:subfield code="a">Content in Somali and English. Documentation in English.</marc:subfield>
        </marc:datafield>
        <marc:datafield tag="650" ind1=" " ind2="0">
            <marc:subfield code="a">Somali language</marc:subfield>
            <marc:subfield code="x">Data processing</marc:subfield>
            <marc:subfield code="v">Databases.</marc:subfield>
        </marc:datafield>
        <marc:datafield tag="650" ind1=" " ind2="0">
            <marc:subfield code="a">English language</marc:subfield>
            <marc:subfield code="x">Data processing</marc:subfield>
            <marc:subfield code="v">Databases.</marc:subfield>
        </marc:datafield>
        <marc:datafield tag="655" ind1="7" ind2=" ">
            <marc:subfield code="a">Excerpts</marc:subfield>
            <marc:subfield code="2">lcgft</marc:subfield>
        </marc:datafield>
        <marc:datafield tag="655" ind1="7" ind2=" ">
            <marc:subfield code="a">computer program</marc:subfield>
            <marc:subfield code="2">lcgft</marc:subfield>
        </marc:datafield>
        <marc:datafield tag="700" ind1="1" ind2="0">
            <marc:subfield code="a">Tracey, Jennifer</marc:subfield>
        </marc:datafield>
        <marc:datafield tag="700" ind1="1" ind2="0">
            <marc:subfield code="a">Graff, David</marc:subfield>
        </marc:datafield>
        <marc:datafield tag="700" ind1="1" ind2="0">
            <marc:subfield code="a">Strassel, Stephanie</marc:subfield>
        </marc:datafield>
        <marc:datafield tag="700" ind1="1" ind2="0">
            <marc:subfield code="a">Ma, Xiaoyi</marc:subfield>
        </marc:datafield>
        <marc:datafield tag="700" ind1="1" ind2="0">
            <marc:subfield code="a">Wright, Jonathan</marc:subfield>
        </marc:datafield>
        <marc:datafield tag="856" ind1="4" ind2="0">
            <marc:subfield code="3">University of Alberta Access (Request Form)</marc:subfield>
            <marc:subfield code="u">https://docs.google.com/forms/d/e/1FAIpQLSd4VsEYOWoubQww-01W7IV2qDaAr4ctBJUhrJvfyN0GwoMuFQ/viewform</marc:subfield>
        </marc:datafield>
        <marc:datafield tag="856" ind1="4" ind2="2">
            <marc:subfield code="3">Dataset documentation</marc:subfield>
            <marc:subfield code="u">https://catalog.ldc.upenn.edu/LDC2018T11</marc:subfield>
        </marc:datafield>
    </marc:record>